<record><leader>00000cas a22000007a 4500</leader><controlfield tag="001">13725201</controlfield><controlfield tag="008">860612d19191930inudn ne      0    0eng d</controlfield><datafield ind1=" " ind2=" " tag="010"><subfield code="a">sn 86058598 </subfield></datafield><datafield ind1=" " ind2=" " tag="040"><subfield code="a">NPI</subfield><subfield code="b">eng</subfield><subfield code="c">NPI</subfield><subfield code="d">OCLCQ</subfield></datafield><datafield ind1=" " ind2=" " tag="042"><subfield code="a">msc</subfield></datafield><datafield ind1="0" ind2=" " tag="130"><subfield code="a">Newcastle courier (New Castle, Ind. : 1919)</subfield></datafield><datafield ind1="1" ind2="4" tag="245"><subfield code="a">The Newcastle courier.</subfield></datafield><datafield ind1="3" ind2="0" tag="246"><subfield code="a">New Castle courier</subfield></datafield><datafield ind1=" " ind2=" " tag="260"><subfield code="a">Newcastle, Ind. :</subfield><subfield code="b">Courier Co.,</subfield><subfield code="c">1919-1930.</subfield></datafield><datafield ind1=" " ind2=" " tag="300"><subfield code="a">v. :</subfield><subfield code="b">ill. ;</subfield><subfield code="c">59 cm.</subfield></datafield><datafield ind1=" " ind2=" " tag="310"><subfield code="a">Daily (except Sun.)</subfield></datafield><datafield ind1="0" ind2=" " tag="362"><subfield code="a">78th year, no. 280 (Nov. 24, 1919)-89th year, no. 157 (July 2, 1930).</subfield></datafield><datafield ind1=" " ind2=" " tag="752"><subfield code="a">United States</subfield><subfield code="b">Indiana</subfield><subfield code="c">Henry</subfield><subfield code="d">New Castle.</subfield></datafield><datafield ind1="0" ind2="0" tag="780"><subfield code="t">Daily courier (New Castle, Ind. : 1902)</subfield><subfield code="w">(DLC)sn 86058597</subfield></datafield><datafield ind1="0" ind2="7" tag="785"><subfield code="t">New Castle times (New Castle, Ind. : 1922)</subfield><subfield code="w">(DLC)sn 86058600</subfield></datafield><datafield ind1="0" ind2="7" tag="785"><subfield code="t">New Castle courier-times</subfield><subfield code="w">(DLC)sn 86058006</subfield></datafield></record>